2580 5026
1007 376 1020 405 x
1102 372 1107 381 ,

30 665 37 677 .
85 604 152 673 164
381 592 546 659 notas
573 594 624 659 lu
650 594 904 661 EURIPIDIS

86 777 146 839 bus
161 774 245 835 visus
264 780 312 835 est
326 770 439 833 dialem
456 770 554 869 preleio
569 763 642 853 ipsi,
655 764 753 857 selcia
770 766 866 831 video.
890 790 967 853 quae
979 792 1031 837 res
1043 770 1108 839 Eur

85 861 196 940 iniquis
219 860 350 939 amplam
360 867 514 917 materiem
526 856 591 938 joei
613 864 644 915 et
652 858 731 917 riam
750 856 1002 921 subministrabat.
1022 862 1099 921 vide

85 948 163 1009 liasl.
185 944 341 1023 Euripidis
359 944 399 1002 ad
417 944 535 1015 locum,
563 940 718 1023 Aristoph.
734 944 842 1002 lianar.
859 950 933 1012 306.
956 954 987 1007 et
1007 944 1108 1007 Seholi

86 1032 161 1113 ejus.
204 1030 285 1089 Hinc
310 1038 411 1087 autern
433 1026 558 1109 probari
579 1026 720 1102 videtur,
748 1028 885 1088 vocalem
905 1031 938 1089 in
961 1032 1108 1111 pronunti

85 1137 150 1179 non
170 1115 308 1197 potuisse
336 1114 426 1189 elidi,
455 1114 518 1173 sine
546 1110 647 1190 aliqua
667 1112 737 1171 talis
760 1113 892 1174 elisionis
920 1114 1108 1195 significatior

84 1200 147 1263 fine
166 1202 268 1259 vocis:
291 1218 385 1277 quare
402 1198 494 1277 igitur
512 1197 676 1271 inmedio,
697 1196 782 1256 utin
802 1198 947 1274 austae?
967 1202 1061 1277 Dico,
1083 1206 1108 1263 οι

88 1286 162 1367 quia
181 1286 245 1345 scio
268 1303 358 1365 quam
380 1284 460 1342 cauti
482 1292 513 1341 et
532 1281 659 1341 modesti
677 1302 742 1343 esse
768 1282 912 1344 debemus
928 1286 962 1346 in
981 1306 1108 1367 pronun*

84 1372 128 1433 'de
147 1369 318 1431 istiusmodi
332 1368 433 1429 rebus.
476 1366 523 1427 Ita
542 1368 600 1425 ists
615 1368 755 1442 Homeri,
777 1368 862 1427 iliad.
884 1376 922 1433 A.
937 1376 1007 1438 193.
1027 1371 1084 1432 ubi
1101 1392 1108 1421 ι

87 1456 264 1519 hexameter
290 1454 398 1533 incipit
422 1451 459 1511 ab
486 1450 711 1531 amphibrachi,
732 1448 822 1528 Ἕως
843 1447 860 1519 ὅ
880 1452 970 1520 ταῦθ’
986 1452 1108 1537 ὅομαινι

89 1542 190 1627 φρένα
208 1540 259 1605 ael
271 1534 347 1602 ιιοτᾶ
363 1533 484 1619 θυμὸν,
507 1547 578 1623 suut
598 1539 650 1617 qui
668 1547 777 1617 putant
794 1542 995 1618 prommciata
1015 1542 1087 1601 olim
1106 1566 1108 1601 :

83 1634 156 1711 'yur
176 1620 211 1691 ὅτ
231 1616 319 1690 ταῦθ’
341 1619 541 1705 &pertusata
562 1640 661 1702 neque
675 1633 781 1682 temen
804 1626 924 1685 molesti
946 1648 1011 1687 esse
1028 1627 1108 1687 velle

90 1712 226 1788 Clarkio,
249 1712 302 1790 qui
320 1730 428 1770 sonum
444 1728 549 1768 eorum
566 1707 649 1767 hunc
669 1708 762 1769 sanese
779 1718 931 1787 autumat,
952 1709 1022 1776 ὅσοι
1036 1718 1108 1777 παῦε

82 1794 184 1863 ὕσειν.
226 1796 277 1855 Sic
289 1806 319 1855 et
332 1796 372 1855 ad
388 1814 511 1853 versum
530 1798 602 1860 398.
619 1793 754 1872 ejusdem
771 1794 899 1871 iliados,
923 1798 982 1877 ota
995 1796 1030 1860 ἔν
1044 1792 1108 1863 aits

88 1901 140 1947 σιν
166 1875 268 1945 dessio
287 1877 391 1963 loaysia
412 1874 541 1959 ἆμῦνοιι,
570 1878 650 1937 idem
668 1878 722 1937 Vir
745 1880 937 1941 doctissuuus
957 1882 1080 1944 scribit:

87 1987 218 2048 „parum
235 1967 269 2025 in
294 1964 520 2046 pronuntiando
541 1961 718 2041 tribrachyn
736 1964 815 2025 inter
835 1966 1053 2049 dactylumque
1075 1967 1108 2029 iu·

87 2062 145 2130 „ut
168 2062 295 2155 utertpue
317 2050 451 2135 potuerit
472 2048 603 2129 legitime
625 2051 776 2129 tuurpari.
825 2052 948 2115 Scilicet
964 2054 1000 2113 in
1023 2070 1102 2114 uoce

88 2162 221 2217 ,,νιιτος,
242 2132 410 2216 exciperes,
440 2127 645 2208 duoviratus,
673 2126 867 2217 trasturas,
896 2130 1087 2221 tantisper,

86 2224 216 2305 ,,μίδης,
246 2234 276 2282 et
297 2222 474 2283 sirnilibus.“
516 2218 591 2281 Aliis
609 2218 670 2279 hoe
690 2222 814 2281 videtur
838 2221 919 2283 idem
936 2244 973 2283 ac
987 2224 1014 2283 si
1033 2223 1101 2305 quis

89 2320 152 2384 ret,
180 2306 231 2368 ito
251 2324 310 2384 est,
341 2310 414 2390 quia
438 2309 483 2367 ius
504 2320 561 2381 est,
592 2306 658 2379 sel,
687 2309 759 2388 quio
782 2303 932 2367 Homeros
949 2311 994 2369 ita
1019 2332 1108 2370 esset

88 2396 174 2457 nulla
195 2395 274 2454 enim
301 2394 380 2453 ratio
400 2393 555 2467 redditur,
573 2393 636 2471 ‘qui
656 2390 707 2465 lit,
741 2402 775 2453 ut
802 2394 892 2470 leriga
917 2403 947 2452 et
969 2394 1073 2455 brevis
1090 2414 1108 2475 ι]

89 2482 149 2541 sint
168 2478 355 2560 loodaivupor.
376 2478 437 2537 lroc
451 2479 488 2536 iis
509 2478 687 2537 incredibile
701 2488 762 2552 est,
784 2498 882 2555 usque
896 2480 1019 2538 omnino
1036 2482 1108 2541 verit

85 2568 203 2627 nullum
223 2587 287 2647 ¹asse
308 2566 469 2623 discrimen
491 2564 525 2621 in
542 2563 765 2641 pronuntiando
794 2565 874 2623 iuter
897 2564 1076 2645 tribrachyn
1095 2564 1108 2629 i

86 2662 117 2713 et
139 2653 291 2729 dactylum
314 2649 439 2712 ἒννέιιὲ.
482 2649 595 2707 Putant
622 2651 712 2708 etiam
738 2648 917 2729 tribrachyn
936 2651 969 2709 in
994 2666 1090 2711 versu

86 2740 189 2797 locum
219 2756 372 2814 uunquam
387 2734 546 2809 habuisse,
569 2744 622 2793 aut
642 2733 753 2792 habere
770 2756 877 2814 posse3
900 2732 999 2815 *hiem
1018 2738 1100 2797 istud

88 2829 124 2885 Γ.
149 2826 221 2889 357.
251 2818 312 2882 Arei
338 2816 392 2897 μὲν
425 2813 554 2894 ἀσπίδος
578 2810 658 2902 ἦλθε
679 2829 735 2878 etc.
771 2821 941 2879 exislhuant
972 2843 1108 2901 pronuue.

85 2908 195 2981 fuisse,
225 2902 300 2969 Δειοὶ
322 2905 374 2985 μὲν
397 2899 523 2978 ἀσπίδος
537 2914 594 2963 etc.
615 2906 666 2964 vel
687 2906 766 2964 forte
790 2906 832 2965 ita
857 2907 1019 2986 scripturu5
1041 2920 1076 2968 ut
1090 2908 1108 2967 ir

83 2991 211 3071 sehylo,
241 2992 343 3069 Agara.
359 2995 434 3056 294.
456 2984 715 3072 ¹)‘YrteiQ‘'Elsy9
735 3014 766 3051 τε
785 2988 900 3056 πόντον
917 3002 973 3050 etc.
996 2996 1106 3055 scribes

85 3081 209 3151 tuisset,
223 3069 428 3155 Ἕλληςῦπὲρ
450 3069 640 3149 πεπόνων.)
663 3085 811 3135 ettamen
834 3078 1024 3154 comeduut,
1047 3078 1108 3139 eald

87 3165 278 3222 eorunrodum
300 3165 380 3236 lore,
408 3161 432 3219 si
455 3182 558 3220 omnes
580 3160 751 3221 istiusmodi
774 3182 879 3237 voces,
909 3183 985 3242 quae
1005 3175 1067 3224 tres
1084 3185 1108 3245 pa

79 3250 215 3325 syllabas
241 3248 348 3306 breues
378 3246 506 3320 habent,
538 3266 577 3304 ex
613 3247 802 3323 poematibus
834 3248 927 3326 apricis
960 3250 1108 3311 excludere

85 3332 168 3405 Quid
192 3332 286 3409 igitur
311 3330 482 3388 faciendum
510 3328 595 3388 erati
621 3331 836 3409 Respondent,
864 3335 961 3410 prima
983 3356 1108 3395 corseone

82 3417 211 3475 vocibus
232 3414 343 3472 talibus
363 3414 529 3493 repetenda
549 3422 630 3487 erat,
657 3415 690 3473 in
712 3419 960 3493 pronuntiatione
984 3422 1100 3481 saltem:

81 3502 222 3581 repetitio
236 3500 376 3577 *priorem
405 3499 551 3577 syllabam
574 3499 694 3577 longam
715 3500 864 3577 alliceret,
892 3495 1108 3583 ἆτθᾶνοιιος,.ι

82 3610 193 3668 ματος,
216 3578 439 3658 ἆιιιιονέεσθαι,
462 3578 668 3665 ἇγγορᾶασθε,
691 3580 950 3667 ἆιιιιοδίωμιιινεί
965 3590 1108 3666 ἕξοιιιιοδῐι

47 3714 57 3721 --
82 3682 116 3731 et
138 3672 208 3751 quia
227 3671 258 3729 in
292 3670 467 3748 Πριαμίδης
486 3666 538 3727 luc
560 3690 722 3749 processus
749 3674 851 3732 locum
875 3695 936 3732 nou
957 3674 1108 3754 potuitht

82 3752 165 3839 *(vel
178 3754 336 3816 maerenda
349 3764 438 3816 erate
452 3757 656 3835 Marmaridae,
678 3754 741 3838 vel)
755 3758 931 3835 geunnanda
950 3748 1016 3820 erat
1029 3762 1108 3843 pr'ms

80 3844 172 3917 calis,
203 3839 404 3923 Πριϊομίδης,
427 3840 512 3919 cujus
542 3843 709 3899 contractio
734 3844 922 3923 Πρῖιιμίδης,
949 3848 1080 3923 priusam
1101 3868 1108 3907 ι

80 3926 151 3985 barn
173 3926 342 3986 necessario
368 3926 487 4002 longam
506 3922 640 3985 haberet.
683 3926 723 3985 At
737 3930 818 3986 arride
841 3940 968 4009 alaparet
987 3930 1068 3992 laarrc
1083 3954 1108 3993 su

80 4012 220 4071 sitionem
248 4012 397 4071 veriorem
428 4030 491 4068 esse
519 4010 571 4069 vel
598 4012 831 4089 probabiliorem
858 4036 950 4092 ιμιιιιιι
980 4018 1036 4077 ista
1062 4018 1108 4079 Cla

79 4097 289 4175 Respondent,
311 4097 355 4153 Er
370 4115 461 4153 versu
474 4098 613 4172 proxime
630 4099 783 4175 sequenti,
804 4099 888 4157 Iliad.
903 4108 943 4163 A.
955 4106 1027 4168 399.
1061 4098 1108 4169 ‘02

79 4179 150 4261 (pro
169 4175 292 4259 Ὁπότε)
313 4205 365 4259 μιν
386 4181 534 4260 ξυνδῆσαι
549 4176 714 4259 Ὀλύμπιοι
730 4181 843 4263 ἤθελον
864 4182 966 4261 ἄλλοι,
990 4198 1021 4247 et
1040 4209 1108 4249 exa

79 4268 144 4325 aliis
169 4264 259 4339 locis,
281 4267 312 4322 iu
335 4264 445 4343 quibus
454 4265 542 4324 insui
561 4267 654 4342 mutia
674 4269 841 4345 geminatur
864 4291 1042 4332 consonans.
1066 4294 1108 4355 qu

76 4371 95 4410 a
116 4352 244 4426 Latiaris,
268 4350 306 4409 ob
329 4350 454 4411 eandem
478 4370 631 4425 caussam,
661 4355 781 4433 saepius
801 4354 930 4415 sactmn:
957 4360 1047 4419 utin
1068 4356 1108 4421 rel

82 4484 137 4567 ¹x)
156 4483 235 4609 billail
260 4482 296 4537 ad
318 4500 379 4537 rem
402 4482 474 4536 facit
500 4482 629 4554 Aeschyli
645 4483 734 4537 loeus.
772 4483 843 4539 Edd.
871 4490 947 4542 euim
971 4492 1098 4561 optimas

71 4570 170 4623 νιιιρτε
187 4570 228 4623 ης.
