2580 5026
305 761 815 877 ¹uscrouts.
1085 870 1088 875 ,
1247 830 1278 845 ..

201 952 249 1057 J.
320 946 980 1065 MARKLANDUS.
1140 996 1145 1009 ¹

491 1195 689 1216 *-

42 1322 212 1458 Noun
228 1394 369 1448 mutare
389 1374 592 1476 quidquam
612 1332 652 1451 in
668 1397 841 1455 contextu
856 1378 934 1452 sine
952 1354 1154 1455 Mannscni·

42 1518 173 1595 ptorurn
195 1495 428 1590 auctoritate,
455 1496 524 1581 nisi
542 1520 645 1591 raro,
672 1519 709 1573 et
723 1499 761 1572 in
775 1497 864 1573 locis
878 1496 924 1571 de
940 1500 1072 1601 quibus
1085 1499 1155 1574 du·
1227 1492 1231 1503 ’

42 1612 162 1719 litare,
187 1615 285 1691 foret
305 1615 365 1691 vel
385 1643 534 1691 caecum
557 1600 755 1691 existimare
769 1618 984 1714 Lectorcm,
1010 1622 1068 1698 vel
1081 1648 1154 1696 ma·

42 1736 176 1841 ignum.
227 1733 394 1809 Liberius
410 1737 467 1837 egi
482 1737 520 1810 in
535 1737 843 1834 distinctionibus,
871 1759 907 1812 et
922 1740 961 1813 in
976 1743 1155 1839 versione,

42 1882 154 1957 nqna
167 1874 328 1929 mentem
343 1860 566 1932 annotatoris
578 1861 654 1933 sere
667 1878 772 1960 potes
785 1860 1001 1959 perspicere.
1028 1863 1156 1951 Quan-

42 1972 223 2053 lolocutn
240 2000 315 2050 non
338 1976 517 2071 intellexi,
541 1980 687 2074 monui,
714 1979 865 2078 opinor,
892 1980 1010 2077 (certe
1021 1982 1157 2077 volui)

42 2114 61 2171 t
81 2094 222 2196 reliqui
242 2093 342 2196 quod
355 2094 393 2167 in
410 2095 567 2173 Cantero
583 2120 622 2173 et
637 2098 811 2175 Barnesio
826 2099 1085 2198 interpretibus
1100 2100 1155 2172 in-

42 2215 118 2290 eni.
171 2210 235 2288 Ad
248 2211 359 2313 hujus
377 2212 594 2311 editionem,
620 2237 810 2291 contextus
824 2242 861 2292 et
875 2217 1156 2317 notaeplerum·
1198 2212 1201 2217 ’

42 2360 95 2437 [uc
112 2334 319 2439 exiguntur.
356 2333 569 2409 Difficiliora
583 2337 620 2410 in
636 2338 769 2439 quibus
786 2334 885 2410 nulla
900 2356 978 2410 erat
989 2340 1154 2439 corrupti

42 2474 144 2529 extus
164 2453 339 2555 suspicio,
366 2453 480 2526 rarius
502 2456 620 2560 attigi,
647 2484 696 2533 ne
719 2458 758 2530 in
772 2458 905 2531 molem
924 2458 1070 2530 nimiam
1082 2454 1154 2532 hae'

42 2596 164 2670 rotae,
177 2578 248 2672 ianr
269 2573 353 2647 satis
368 2573 519 2674 longae,
547 2576 775 2655 excederent.
827 2577 1025 2650 Uberiores
1041 2577 1157 2676 scrip-

42 2722 161 2790 erem,
187 2693 281 2768 siout
300 2694 339 2766 in
361 2692 612 2793 supplicibus:
639 2698 705 2768 sed
718 2694 840 2786 omisi,
867 2721 915 2767 ne
931 2695 1154 2769 doctioribus

42 2842 140 2889 ssent
161 2816 354 2913 molestus,
383 2833 419 2886 et
433 2813 646 2914 Euripidem
661 2812 768 2888 nimis
784 2840 984 2890 onerarem.
1036 2812 1154 2889 Multa

42 2932 102 3008 ine
125 2932 241 3011 dubio
259 2963 319 3011 me
334 2937 528 3039 fugerunt3
554 2932 593 3005 in
608 2935 728 3007 multis
744 2934 852 3007 salsus
863 2932 928 3007 lui.
982 2932 1155 3010 Collatio·
1181 2948 1187 2961 '

42 3080 91 3128 res
118 3054 380 3154 exemplarium
407 3054 660 3130 Parisiensium
689 3081 773 3127 cum
800 3075 958 3155 utroque
984 3052 1155 3142 dramate,

42 3199 119 3274 [nae
132 3195 309 3271 notantur
322 3174 435 3249 literis
450 3175 494 3248 A.
504 3177 615 3266 B.0.;
643 3173 778 3248 etitem
791 3184 827 3268 *)
842 3175 1058 3248 Oxoniensis
1072 3191 1170 3263 cum

42 3290 149 3399 pbig.
173 3293 348 3390 Taurica,
390 3291 506 3369 debeo
533 3294 750 3369 humanitati
776 3295 936 3369 virorum
958 3294 1157 3368 eruditissi-

42 3439 190 3488 nornm:
223 3415 323 3508 istas,
358 3415 519 3489 Samucli
540 3416 753 3517 Musgrave,
779 3414 830 3489 Μ.
848 3413 914 3511 D.,
929 3465 931 3469 -
946 3412 1063 3509 hanc,
1090 3414 1158 3488 Ca·

43 3533 110 3609 olo
126 3533 234 3630 Hall,
262 3534 298 3608 S.
317 3535 361 3609 T.
377 3537 419 3611 Ρ.
436 3535 587 3608 Decano
602 3535 857 3638 Bockingensi.

42 3712 234 3732 ——

94 3813 123 3875 ⁸)
148 3809 247 3863 Codex
266 3808 436 3861 Oxonionsit
459 3817 501 3860 est
519 3807 614 3862 Editio
633 3809 735 3863 Aldina
761 3825 827 3861 cnm
852 3808 914 3861 MS.
935 3808 1054 3873 collate,
1088 3826 1160 3879 quae

42 3894 131 3932 unum
158 3879 281 3932 circiter-
303 3889 377 3945 ¹8⁰5·
415 3881 587 3931 curatorum
611 3880 691 3944 jussu
716 3896 731 3931 e
754 3878 932 3932 bibliothece
948 3878 1105 3934 Bodleisue
1128 3880 1159 3932 in

42 3946 191 4020 ntegrum
211 3948 419 4002 Wadhnmense
437 3949 621 4018 immigrnvit.
856 3962 860 3975 ·

405 4143 787 4164 m
