2580 5026
62 227 247 294 Khhiilil
271 222 541 289 EPISTOME
567 225 629 289 All
654 226 978 292 D’OllVlLLlUM.
1004 238 1073 307 m

56 428 70 467 ·.
94 398 589 483 ttut’1hu,(it1remamber
612 396 712 480 right,
737 398 789 460 tor
812 396 924 465 lhara
940 411 997 466 not
1017 399 1073 470 the

56 512 87 553 m
107 486 214 571 here,)

109 608 174 663 sisa
190 604 269 659 illan
286 600 355 657 Coit
361 602 517 675 fulgentem
533 604 654 657 tantm
668 604 757 677 tegit,

61 714 119 782 tha
133 712 252 793 mugiit
272 712 376 773 tectis:
396 706 500 771 which
517 710 610 793 easily
628 712 714 775 laad·
731 722 766 773 to
785 708 839 776 the
853 722 922 799 true
935 716 1075 801 muling

113 832 175 884 Siue
191 828 270 883 illum
290 830 352 883 Coie
360 826 517 899 fulgentem
533 832 653 883 incedere
669 830 761 887 textit.
1066 844 1070 853 “

56 956 153 1021 ,you
171 936 283 1011 know,
313 954 365 994 are
383 949 484 995 vestes.
535 932 691 1001 Nocturno
715 933 844 1021 relegens
858 948 942 1003 texta
960 936 1144 1010 diumatttt)

59 1047 92 1087 u
119 1022 160 1083 he
181 1041 251 1103 seyr
270 1021 305 1079 in
327 1018 454 1079 another
473 1020 578 1101 ploce,
600 1024 662 1083 and
684 1044 719 1083 ao
749 1024 790 1085 do
822 1022 911 1087 other
931 1024 1075 1103 authors,

77 1106 265 1172 testimoniet
292 1104 306 1164 l
328 1104 408 1165 have
431 1104 581 1167 ohserved
601 1108 634 1167 in
656 1128 710 1191 my
726 1112 860 1189 margin:
881 1112 916 1171 in
948 1110 1077 1175 another

69 1194 122 1257 tv.
146 1196 179 1263 5.
199 1190 241 1253 hs
258 1210 330 1253 aues
350 1186 404 1253 the
425 1194 515 1254 word
537 1206 677 1277 texture,
706 1196 852 1277 speaking
871 1197 907 1259 oi
925 1194 979 1261 the
995 1214 1078 1263 sunit

115 1376 296 1453 nimiique
308 1374 401 1446 ploret
419 1376 495 1433 Coeo
510 1388 622 1435 texture
641 1382 794 1437 Minervae.

56 1488 160 1551 'ardon
176 1484 232 1547 tha
250 1482 366 1563 liberty
389 1482 405 1543 1
422 1484 492 1544 take
511 1487 542 1546 in
562 1487 653 1567 being
671 1484 744 1549 thus
764 1490 972 1572 impertinente
992 1486 1080 1558 butt

56 1596 84 1637 os
97 1572 186 1637 these
205 1571 309 1651 places
323 1579 356 1628 to
377 1566 462 1629 ahew
474 1590 528 1651 my
540 1573 681 1653 opinion,
702 1574 772 1637 that
792 1578 920 1639 modern
930 1578 1018 1641 MS&
1029 1576 1079 1640 ol-

56 1662 97 1743 rlp
115 1678 154 1719 ns
171 1666 227 1717 out
245 1652 350 1715 where
371 1674 456 1714 more
476 1658 598 1719 ancient
616 1680 688 1721 ones
706 1662 793 1722 leave
810 1682 848 1722 ns
864 1666 897 1723 in
916 1660 970 1727 tha
988 1664 1078 1725 dark.

56 1748 94 1807 ιὶι
110 1762 221 1805 meson
240 1740 256 1801 l
277 1736 355 1799 shall
376 1740 445 1799 take
463 1741 488 1800 it
506 1763 537 1801 aa
556 1764 575 1817 u
597 1745 732 1823 singular
750 1748 878 1822 favour,
898 1748 928 1809 it
938 1768 1004 1831 yon
1013 1748 1080 1809 will

56 1832 92 1893 tit
107 1838 142 1891 to
155 1828 201 1889 let
209 1846 260 1887 me
282 1824 360 1885 have
381 1824 432 1885 the
448 1844 502 1885 uae
518 1828 553 1886 ol
569 1828 595 1888 it
610 1828 698 1891 ltere:
721 1832 750 1891 ii
757 1842 812 1892 not
819 1877 830 1908 ,
854 1832 870 1893 l
884 1832 964 1893 shall
977 1834 1017 1895 hs
1029 1834 1080 1895 tar

56 1915 152 1993 taking
167 1914 194 1973 it
210 1911 247 1971 ill
262 1908 329 1969 that
346 1928 410 1987 you
432 1909 513 1990 deny
527 1932 576 1973 ma
600 1914 635 1974 it
677 1912 714 1975 ln
732 1915 829 1997 hopes
848 1918 883 1977 oi
896 1919 998 1999 sesing
1014 1936 1080 2003 you

56 2010 86 2061 Ιί
96 1994 149 2061 ill!
159 1996 280 2077 ΜΘ)
301 1994 317 2053 1
330 2013 393 2069 mn>
414 1996 483 2069 Sir,
1040 2008 1044 2013 Ι

349 2076 436 2141 tour
456 2090 538 2143 most
556 2080 698 2147 obediant
713 2082 838 2147 hnmhle
857 2088 995 2161 Servant,

56 2190 130 2257 pue,
148 2164 226 2249 lug·
247 2170 278 2244 1,
299 2168 392 2233 1732.
714 2170 791 2233 JEll.
811 2168 1041 2235 Mhfflhiffl:
1068 2180 1071 2185 '

56 2626 261 2699 ffluosimo
281 2638 317 2695 et
336 2598 600 2694 Humanisaimo
626 2624 715 2697 Viro
735 2626 769 2695 J·
791 2632 834 2699 P.
853 2622 1035 2699 Dominio

298 2714 335 2780 S.
356 2713 406 2788 D,
428 2712 498 2780 Jer.
517 2712 758 2781 Marklandus.

56 2875 177 2935 lemitto
194 2873 266 2948 tibi,
287 2870 343 2932 Vir
363 2872 633 2952 praestantissime,
656 2868 799 2933 Codicum
818 2880 905 2931 tuum
923 2872 1087 2957 Propertii,

63 2980 189 3021 usturam
210 2970 270 3020 tam
286 2958 415 3018 libenter
433 2968 463 3017 ot
478 2954 648 3019 humaniter
664 2954 740 3017 mihi
762 2954 942 3025 inslulseras.
987 2960 1088 3035 Quam

58 3042 144 3127 lmihi
166 3045 239 3120 suit,
270 3042 409 3103 ostendat
434 3036 589 3125 exemplar
612 3062 728 3117 meum,
757 3042 841 3123 quod
867 3066 927 3107 una
955 3066 1024 3107 cum
1049 3065 1089 3105 eo

59 3176 70 3207 ‚
99 3128 148 3189 his
176 3128 323 3209 proximis
350 3128 455 3188 diebus
482 3126 583 3207 Hngoe
614 3139 838 3209 comparatum
863 3132 1089 3193 vitiosissimmn

56 3212 198 3291 millud,
227 3216 280 3274 secl
303 3215 389 3293 cujus
415 3210 556 3293 margini,
588 3226 624 3274 ut
647 3214 701 3291 fit,
731 3214 920 3295 conjecturas
939 3238 1036 3292 meua,
1058 3226 1090 3277 st

56 3302 186 3362 :stiones
213 3302 329 3380 aliquot
343 3300 471 3371 otiosus,
495 3310 525 3359 et
538 3300 761 3379 propemodum
779 3301 842 3359 sine
862 3303 950 3363 libris
966 3304 1089 3361 adlevo-

82 3386 152 3447 Duo
177 3387 233 3448 ulia
254 3384 437 3463 exemplaria
457 3384 571 3461 habeo,
586 3385 634 3449 ,in
659 3404 788 3465 quorum
809 3386 869 3447 oris
896 3386 1090 3469 probationes

56 3484 212 3533 ctursrum
232 3480 262 3531 et
286 3470 501 3551 explicationes
521 3471 708 3549 singulorum
733 3472 797 3530 sero
823 3490 967 3533 versuum
994 3469 1092 3529 adno-

90 3558 212 3618 Utinam
235 3553 311 3615 haee
334 3555 373 3614 ad
398 3574 503 3614 manua
523 3556 664 3617 fuissent!
692 3556 788 3616 multo
810 3557 901 3637 plura
919 3567 950 3617 et
970 3558 1091 3637 potiora

56 3644 200 3703 risissent.
243 3643 332 3701 Nunc
361 3639 515 3721 (quoniam
535 3640 723 3701 melitissimo
745 3652 849 3702 nostro
868 3652 960 3725 poeta
980 3652 1010 3701 te
1035 3642 1092 3701 de-

56 3730 77 3788 ri
96 3726 213 3811 innuis)
236 3730 394 3787 strictum
411 3722 466 3783 hos
486 3725 557 3785 fidei
572 3736 642 3785 tuoe
663 3729 834 3788 committo:
857 3727 943 3787 enixe
959 3750 977 3787 a
988 3738 1020 3787 te
1035 3748 1093 3809 pe-

77 3824 112 3874 ut
127 3836 197 3873 cum
216 3815 332 3873 nemine
351 3813 552 3871 communices
570 3809 647 3871 haec
663 3834 731 3872 ossa
751 3815 891 3873 carnibus
911 3814 972 3873 suis
992 3814 1092 3887 nuilu3

56 3910 85 3959 ut
105 3911 159 3961 tuo
180 3911 315 3979 tompore
336 3908 366 3958 et
386 3896 558 3971 commodo,
579 3896 611 3956 in
626 3898 765 3975 Angliam
785 3898 858 3959 milri
882 3901 1015 3959 remittas
1032 3896 1093 3957 hoo

58 3987 146 4066 plur,
170 3987 313 4066 quoniam
331 3980 539 4042 arslrotutionea
556 4002 632 4060 quae
648 3984 720 4042 inibi
736 3995 825 4059 sunt,
846 4006 907 4043 non
922 3986 993 4045 olibi
1008 3994 1094 4043 trun-

56 4082 100 4131 [υ
119 4071 231 4131 habeo:
263 4089 337 4149 quas
362 4079 463 4128 tamen
481 4076 516 4126 ut
538 4066 570 4125 in
591 4068 787 4147 Propertium
810 4080 897 4134 tuum
919 4070 1094 4146 nuntiem,

56 4167 117 4233 ret,
138 4168 170 4221 et
183 4158 209 4217 si
227 4157 305 4220 tanti
320 4162 426 4240 puto,
444 4154 522 4237 jutis
540 4153 586 4215 tui
600 4154 691 4218 focio.
