2580 5026
104 622 199 693 276,
334 610 420 676 ‘DE
450 610 747 676 GRAECORUM
774 610 962 689 Qulntt

106 789 338 866 nominativum,
356 787 608 870 quemadmodum
622 806 744 847 neeesse
758 796 824 847 erat
835 786 900 847 fini
914 788 947 847 in
960 784 1229 849 declinations'im·

107 880 203 955 liaris)
210 876 337 952 llabica,
360 876 456 953 qualis
471 874 548 935 haee
564 882 618 932 eet.
648 892 717 933 narn
733 873 954 933 terminationes
967 876 1041 933 istas
1050 919 1059 950 ,
1081 896 1112 951 t,
1132 896 1171 953 u,
1188 898 1227 951 u,

108 962 229 1039 olonae,
252 957 347 1037 ἄστυ,
370 970 401 1019 et
416 957 506 1039 λεχὼ,
529 958 710 1037 ablegandae
724 979 788 1017 esse
802 956 993 1039 adproprias
1006 968 1229 1023 conannas·

107 1046 337 1122 declinationes,
359 1066 419 1104 non
437 1046 570 1106 dubitari
585 1044 696 1124 potuit.
725 1042 797 1102 licet
817 1044 897 1104 enim
915 1042 1029 1104 exlusa
1041 1044 1229 1126 quintui-

106 1131 232 1211 plicium
249 1132 328 1190 l'orte
346 1140 442 1191 essent
462 1140 564 1204 ortae,
585 1138 692 1209 utpote
707 1138 875 1189 crescentes
892 1132 925 1188 in
938 1128 1089 1209 genitivo,
1111 1138 1231 1193 nonh-

106 1238 176 1275 men
195 1217 264 1275 ideo
285 1225 370 1277 erant
388 1215 479 1297 hujus
500 1214 724 1291 declinationis;
751 1214 831 1274 sicut
850 1212 913 1273 salia
932 1224 1036 1295 potest
1054 1234 1125 1277 em
1144 1219 1238 1293 mut,

106 1302 227 1377 similis,
251 1301 370 1360 diversa
381 1312 485 1361 tamen
497 1318 628 1383 persona
636 1310 688 1359 cst
702 1308 837 1360 amatre.
864 1298 961 1380 liujus
972 1300 1018 1361 rei
1029 1299 1232 1381 exam

105 1388 187 1445 facto
196 1430 205 1460 ‚
228 1396 303 1445 etro
316 1386 485 1466 probabili,
506 1395 544 1445 ut
554 1384 630 1445 milri
647 1385 822 1461 videbatur,
844 1398 904 1465 per
920 1386 1080 1445 innumera
1097 1390 1233 1471 anuph

107 1481 277 1552 comperta,
301 1472 496 1551 sequebatur,
518 1470 597 1530 lianc
609 1468 853 1545 declarationem,
875 1469 1144 1551 prodididllima.
1165 1474 1232 1537 alin

105 1558 199 1631 fauisse
216 1557 481 1637 simplicissimam,
510 1557 585 1617 adso
607 1565 643 1614 ut
661 1555 777 1637 quivis,
800 1556 903 1616 audito
916 1576 991 1617 uero
1011 1566 1043 1617 et
1055 1568 1165 1625 unare
1177 1578 1233 1621 na-

106 1642 251 1702 minativo
259 1688 268 1718 ,
282 1644 392 1703 statim
406 1652 510 1723 posset
524 1642 626 1702 dicero
643 1641 825 1720 geratinum
853 1652 908 1702 aut
918 1642 1110 1721 noevum
1123 1636 1232 1707 Μὴ

106 1729 253 1807 genitivo,
275 1748 382 1789 verum
397 1730 615 1803 nominativum
626 1726 870 1799 statimdiceret:
893 1737 924 1787 et
935 1747 993 1807 pro
1009 1748 1117 1789 noum
1129 1730 1233 1791 teuti-

104 1813 295 1887 nstionibus,
319 1835 409 1874 aenam
430 1825 547 1876 tantam
560 1814 672 1890 luisse,
692 1833 817 1893 nempe,
838 1812 956 1873 literam
969 1816 1017 1886 Σ,
1033 1822 1231 1893 postomn-

102 1907 208 1958 nantes
219 1899 282 1958 sere
297 1918 415 1974 omnes,
439 1910 469 1961 et
478 1902 638 1981 plerasque
649 1900 785 1959 vocales:
808 1916 886 1977 quae
905 1898 996 1957 litera
1009 1898 1231 1971 nominative.

104 1980 317 2056 constitueret,
342 1993 380 2044 et
399 1985 426 2042 0
445 1986 523 2055 lente
550 2005 617 2046 eam
639 1984 786 2057 immissa,
816 1982 1000 2043 Genium.
1027 2000 1108 2043 m
1122 1984 1159 2045 ei·
1172 1986 1231 2051 01

103 2066 348 2128 characteristica
361 2080 440 2129 esset
452 2072 590 2149 genitivi,
612 2066 737 2130 obvium
753 2077 835 2141 erat,
856 2088 965 2133 vocem
982 2060 1106 2145 adalae
1118 2068 1229 2133 δὴ·

101 2155 202 2213 facere
218 2148 373 2231 sitienter
388 2155 420 2213 in
442 2156 500 2216 isto
515 2176 604 2230 casa,
627 2160 729 2237 σῶμα,
754 2149 894 2235 asinaeo,
916 2148 1009 2238 γάλα,
1028 2148 1161 2237 γέλως,
1179 2154 1223 2239 ri·

104 2244 165 2311 tote
176 2244 208 2297 et
220 2239 313 2320 lone,
336 2239 468 2321 y'iloooe
482 2250 512 2302 at
524 2240 655 2323 ἔρωσος.
677 2236 785 2325 daug,
798 2233 939 2321 ἥρωσος,
959 2232 1223 2317 λᾶτωξ,“λὸιιξος“ι

103 2332 133 2383 et
149 2324 236 2385 itain
249 2325 365 2384 coeris.
390 2324 458 2384 lloc
472 2336 678 2405 agamentum
686 2372 694 2401 ‚
718 2325 800 2405 qnod
810 2324 921 2405 probat
933 2324 1110 2385 wodemo
1120 2322 1220 2401 aba,

102 2409 193 2468 ittiese
207 2409 478 2470 characteristicum
495 2412 634 2490 getdtivi,
655 2411 763 2491 probat
783 2410 888 2484 etiam,
912 2428 1016 2470 omnes
1027 2410 1220 2471 ttominttlt'voe

99 2492 192 2572 lutjtts
202 2496 577 2575 deelinationispainritua
587 2498 722 2556 desiisse
736 2500 818 2559 int.
850 2495 874 2554 si
889 2495 969 2555 enim
984 2516 1090 2563 ouuaes
1105 2494 1218 2577 gntitivi

101 2589 213 2637 exeant
227 2580 259 2641 in
275 2583 346 2654 ΟΣ,
369 2581 439 2638 etO
461 2591 579 2647 tannim
588 2582 634 2640 eit
649 2581 892 2642 characteristica
906 2581 1052 2659 ¹genitivi,
1074 2582 1218 2663 σοφὼ,

99 2664 294 2723 non-aliunde
308 2685 398 2741 quam
412 2686 449 2723 ex
461 2666 648 2725 nominativo
662 2668 780 2726 venisse
792 2670 919 2725 alteram
930 2666 1049 2727 literam
1057 2670 1096 2729 Σ.
1116 2666 1232 2729 tran·

99 2749 256 2809 serendum
278 2758 323 2807 est
342 2747 404 2808 lroc
425 2751 695 2828 argumentum-ad
713 2752 837 2812 tertiam
849 2753 1029 2813 [almorum
1049 2751 1215 2829 declinabit·

99 2854 183 2907 neni,
206 2844 237 2895 et
253 2834 425 2894 insitionem
444 2837 558 2896 uocalis
571 2836 586 2895 1
600 2846 669 2896 ante
686 2840 706 2895 S
727 2839 759 2896 in
782 2838 924 2916 genitivo.
956 2837 1039 2917 quod
1050 2838 1213 2898 Primanus

98 2922 125 2979 ei
138 2921 370 2987 considerasset,
391 2942 454 2980 non
464 2923 617 2982 statuisset
632 2919 828 3004 Septuaginta
843 2940 910 2985 oete
925 2944 989 2984 esse
1000 2922 1211 2984 amnestiam
1256 2944 1258 2989 1

97 3005 204 3065 tertiae
218 3006 433 3066 declinationis
452 3007 589 3083 Latinae,
618 3027 688 3067 cum
708 3031 769 3067 aaa
788 3019 906 3068 tantum
927 3009 1084 3083 rideatur,
1109 3024 1209 3087 nempe
1256 3006 1258 3015 '

92 3091 186 3150 litera
199 3090 363 3172 Stsjecta,
385 3092 571 3173 ubicumque
582 3090 649 3153 lieri
657 3103 794 3177 poterat,
817 3096 841 3154 si
856 3093 1039 3173 sequebatur
1052 3112 1210 3155 consentu·

97 3174 176 3259 tom)
191 3178 329 3239 atlante
345 3179 608 3259 asmingeaitiro.
1150 3188 1162 3205 ³

29 3307 91 3371 221
175 3296 396 3373 tardentur,
419 3299 535 3379 itaquis,
564 3310 649 3359 tanta
670 3301 750 3361 lacta
770 3310 815 3361 set
833 3302 959 3361 mutatio
977 3294 1208 3371 irs-nammatio·

92 3380 246 3439 'Graecisi
287 3379 355 3439 lloe
376 3383 438 3461 jam
461 3384 612 3463 explicaro
639 3384 779 3445 conabor.
822 3388 984 3446 Sciendum
1007 3398 1075 3465 cst,
1104 3386 1137 3447 in
1156 3381 1209 3445 istit

92 3464 220 3524 rudibus
238 3474 269 3523 et
289 3458 426 3526 barbaris
446 3468 555 3526 seculis
574 3471 692 3548 quando
713 3471 831 3547 litigasse
847 3474 978 3552 prienam
996 3472 1208 3551 formabantu,

92 3550 242 3609 voctdnrla
252 3551 408 3611 innumera
422 3552 453 3612 in
473 3552 590 3611 duabus
603 3556 651 3614 vel
666 3554 815 3634 pluribus·
825 3557 1062 3616 consonantibus
1081 3556 1208 3623 desiiset.

90 3654 171 3717 quas
188 3635 339 3715 loquelam
359 3637 466 3697 duram
480 3638 659 3714 admodum,
683 3647 712 3697 et
733 3640 957 3720 confragosam,
980 3652 1048 3701 tum
1066 3636 1209 3723 laqueati·

92 3720 149 3779 bns
162 3730 228 3781 tum
245 3721 437 3782 audientibus
445 3723 624 3782 reddebant.
653 3724 737 3783 Hanc
752 3724 951 3787 differentiam
960 3746 1001 3785 ex
1012 3728 1130 3805 linguis
1141 3739 1207 3805 quae

89 3822 176 3866 nunc
188 3807 220 3869 in
234 3827 292 3868 usu
305 3818 389 3882 sunt,
410 3810 509 3888 quivis
521 3818 624 3889 potest
637 3808 860 3890 deprehendere
868 3858 876 3887 ,
892 3813 917 3871 si
932 3812 1072 3872 conserat
1085 3808 1208 3893 ejusdffl

92 3895 189 3968 gantis
210 3896 342 3975 priscam
365 3896 498 3972 linguam
522 3914 590 3953 oum
617 3892 773 3955 hodienra.
804 3898 938 3956 inveniet
957 3898 1037 3957 enim
1056 3898 1150 3957 istam
1167 3895 1210 3952 ia·

21 3991 237 4054 tastjcomtam,
268 3978 441 4056 horridam,
481 3992 510 4040 et
539 3982 772 4039 consonantibus
805 3983 1024 4058 abundatiam,
1057 4002 1136 4063 prae
1156 3978 1210 4038 tae

92 4079 183 4138 quam
196 4084 277 4123 nunt
292 4067 459 4145 loqutmtar
470 4063 616 4125 homines.
640 4065 703 4123 liae
718 4070 851 4128 Graecae
867 4078 1078 4143 consonantes,
1093 4064 1208 4147 quanda

86 4164 173 4206 aures
187 4146 343 4210 hominum
356 4163 520 4232 cooperunt
533 4172 596 4211 esse
612 4152 807 4229 eruditiores,
830 4155 975 4233 paulatim
993 4152 1210 4233 abjiciebantur

85 4250 124 4289 ex
144 4234 518 4309 n0111inatnt³‚interdurn
539 4260 614 4311 nno,
638 4237 788 4297 interdum
809 4234 900 4314 duae,
924 4256 1145 4317 nonnunquam
1158 4250 1210 4295 tres

85 4314 98 4395 (
109 4326 143 4374 ut
158 4317 235 4379 inira
256 4323 445 4405 ostendam),
466 4324 509 4383 ita
525 4335 560 4383 ut
579 4322 667 4383 sinntl
684 4342 751 4383 cnm
774 4324 810 4383 iis
832 4326 1005 4403 saepissime
1030 4324 1208 4405 abjiceretur

83 4428 203 4487 quoque
224 4408 467 4469 clmracterietiaa
486 4411 680 4483 nominativi,
710 4408 821 4469 relictis
845 4409 962 4471 interea
984 4411 1108 4471 casibus
1134 4406 1208 4468 obli·

85 4493 168 4571 quis,
191 4498 321 4572 genitivo
336 4505 364 4555 ct
378 4496 497 4571 dativo,
520 4500 551 4555 in
566 4498 660 4555 veteri
675 4507 703 4553 et
716 4517 789 4555 reru
805 4512 910 4554 eorum
926 4497 1040 4572 lenna,
1065 4496 1136 4575 quia
1152 4490 1207 4551 illis

81 4578 165 4639 nulla
183 4580 412 4663 eratobjectio,
434 4600 534 4664 neque
560 4583 664 4643 eadem
686 4602 790 4641 cattam
809 4582 995 4643 mutationis.
1039 4582 1121 4644 llinc
1138 4582 1204 4638 nats
